<?xml version="1.0" encoding="UTF-8"?><collection xmlns="http://www.loc.gov/MARC21/slim"><record><leader>00660nam--2200169-u-4500</leader><controlfield tag="001">000054559</controlfield><controlfield tag="002">20161230</controlfield><controlfield tag="005">20161230201051</controlfield><controlfield tag="008">120125s1000------------r-----000-0-eng-d</controlfield><datafield ind1=" " ind2=" " tag="040"><subfield code="a">IFIN-HH</subfield></datafield><datafield ind1=" " ind2=" " tag="080"><subfield code="a">539.12.162.8(061.3)</subfield></datafield><datafield ind1="1" ind2=" " tag="100"><subfield code="a">Berman, S.M</subfield></datafield><datafield ind1="1" ind2="0" tag="245"><subfield code="a">Electron and photon interaction at high energies</subfield><subfield code="b">Proceedings of the 1967 international symposium on electron and photon interaction at high energies stanford linear accelerator center stanford university, stanford, california, september 5-9, 1967</subfield><subfield code="c">S.m. berman (ed.)</subfield></datafield><datafield ind1=" " ind2=" " tag="260"><subfield code="a">Stanford</subfield><subfield code="b">Stanford University</subfield><subfield code="c">1967</subfield></datafield><datafield ind1=" " ind2=" " tag="300"><subfield code="a">658P</subfield></datafield><datafield ind1=" " ind2=" " tag="852"><subfield code="a">78948</subfield><subfield code="c">53.12</subfield></datafield><datafield ind1=" " ind2=" " tag="CAT"><subfield code="a">Sys</subfield><subfield code="c">20120125</subfield><subfield code="h">152332</subfield></datafield></record></collection>